@manual{inmetro2003,
	Author = {INMETRO},
	Title = {Vocabulário internacional de termos fundamentais e gerais de
	metrologia},
	Year = {2013},
	Address = {Rio de Janeiro, Brasil},
	Pages = {75},
	isbn = {85-87090-90-9},
}

@inproceedings{soviero1997,
	Author = {P. A. O. Soviero and L. G. M. Lavagna},
	Title = {A Numerical Model for Thin Airfoils in Unsteady Motion},
	Year = {1997},
	Pages = {332-340},
	Volume = {19},
	Number = {3},
	Booktitle = {Journal of the Brazilian Societyt Mechanical Sciences},	
}

@inproceedings{sparrow1980,
	Author = {E. M. Sparrow},
	Title = {Forced Convection Heat Transfer in a Duct Having Spanwise-Periodic
	Rectangular Protuberances},
	Year = {1980},
	Pages = {149-167},
	Volume = {3},
	Booktitle = {Numerical Heat Transfer},
}

@article{clark1986,
	Author = {J. A. Clark},
	Title = {Private Communication},
	Year = {1986},
	Address = {University of Michigan},
}

@article{arruda2007,
	Author = {M. B. B. Arruda},
	Title = {Como fazer referências: bibliográficas, eletrônicas e demais
	formas de documentos},
	Year = {2007},
	Url = {http://bu.ufsc.br/framerefer.html}
}

@article{coimbra1978,
	Author = {A. L. Coimbra},
	Title = {Lessons of Continuum Mechanics},
	Year = {1978},
	Address = {São Paulo, Brazil},
	Pages = {428},
	Editor = {Edgard Blücher},
}

@inproceedings{bordalo1989,
	Author = {S. N. Bordalo and J. H. Ferziger and S. J. Kline},
	Title = {The Development of Zonal Models for Turbulence},
	Year = {1989},
	Pages = {41-44},
	Booktitle = {Proceedings of the 10th Brazilian Congress of Mechanical
	Engineering}, 
	Volume = {1},	
}

@manual{NBR14724:2011,
	Address = {Rio de Janeiro},
	Date-Added = {2012-12-15 20:34:08 +0000},
	Date-Modified = {2012-12-15 20:35:25 +0000},
	Month = mar,
	Org-Short = {ABNT},
	Organization = {Associa{\c c}\~ao Brasileira de Normas T\'ecnicas},
	Pages = 15,
	Subtitle = {Informa{\c c}\~ao e documenta{\c c}\~ao --- trabalhos acad\^emicos --- apresenta{\c c}\~ao},
	Title = {{NBR} 14724},
	Year = 2011
}

@manual{NBR6034:2000,
	Address = {Rio de Janeiro},
	Org-Short = {ABNT},
	Organization = {Associa{\c c}\~ao Brasileira de Normas T\'ecnicas},
	Subtitle = {Informa{\c c}\~ao e documenta{\c c}\~ao --- Referências},
	Title = {{NBR} 14724},
	Year = 2000
}

@book{mlfordummyes:2018,
    Title = {Machine Learning for dummies},
    Organization = {IBM},
    Year = 2000,
    Author = {Judith Hurwitz and Daniel Kirsch},
}

@article{nnhistory,
    Title = {History: The 1940's to the 1970's},
    Organization = {Stanford University},
    Author = {Eric Roberts}
}

@article{mwmachinelearning,
    Title = {Introducing Machine Learning},
    Organization = {Math Works},
    Year = 2016
}

@article{scikit-learn,
 title={Scikit-learn: Machine Learning in {P}ython},
 author={Pedregosa, F. and Varoquaux, G. and Gramfort, A. and Michel, V.
         and Thirion, B. and Grisel, O. and Blondel, M. and Prettenhofer, P.
         and Weiss, R. and Dubourg, V. and Vanderplas, J. and Passos, A. and
         Cournapeau, D. and Brucher, M. and Perrot, M. and Duchesnay, E.},
 journal={Journal of Machine Learning Research},
 volume={12},
 pages={2825--2830},
 year={2011}
}

@article{libsvm,
    Title = {LIBSVM -- A Library for Support Vector Machines},
    Author = {Chih-Chung Chang and Chih-Jen Lin},
    Year = 2018
}

@article{decision-tree,
    Title = {Decision Trees and Random Forests},
    Year = 2017,
    Author = {Neil Liberman}
}

@article{performance-comparison,
    Title = {Performance Comparison between Naïve Bayes,
Decision Tree and k-Nearest Neighbor in Searching
Alternative Design in an Energy Simulation Tool},
    Year = 2013,
    Author = {Ahmad Ashari and Iman Paryudi and A min Tjoa},
    Journal = {International Journal of Advanced Computer Science and Applications},
    Volume = {4},
}

@book {russel-ia,
    Year = 2003,
    Title = {Artificial Intelligence: A Modern Approach},
    Author = {Stuart J. Russell and Peter Norvig},
    Pages = {499}
}

@article {marconltk,
    Url = {https://marcobonzanini.com/2015/01/26/stemming-lemmatisation-and-pos-tagging-with-python-and-nltk/},
    Author = {Marco Bonzanini},
    Year = 2015,
    Title = {Stemming, Lemmatisation and POS-tagging with Python and NLTK}
}

@article {Lundborg_2017,
     title={Text classification of short messages},
     ISSN={1650-2884}, url={http://lup.lub.lu.se/student-papers/record/8928009}, journal={LU-CS-EX 2017-14},
     author={Lundborg, Anton},
     year={2017}
}

@article {haterrebs,
    title={O excesso no discurso de ódio dos haters},
    author={Rebeca Recuero Rebs},
    year=2017,
    url={https://periodicos.ufsc.br/index.php/forum/article/view/1984-8412.2017v14nespp2512/35377},
}

@article {aranha,
    title={UMA ABORDAGEM DE PRÉ-PROCESSAMENTO AUTOMÁTICO PARA MINERAÇÃO DE TEXTOS EM PORTUGUÊS: SOB O ENFOQUE DA INTELIGENCIA COMPUTACIONAL},
    author={CHRISTIAN NUNES ARANHA},
    year={2007}
}

@article{Pelle2017,
  title={Offensive Comments in the Brazilian Web: a dataset and baseline results},
  author={Rogers P. de Pelle and Viviane P. Moreira},
  booktitle={6th Brazilian Workshop on Social Network Analysis and Mining (BraSNAM)},
  year={2017},
}